@misc{adelani2019generating,
      title={Generating Sentiment-Preserving Fake Online Reviews Using Neural Language Models and Their Human- and Machine-based Detection}, 
      author={David Ifeoluwa Adelani and Haotian Mai and Fuming Fang and Huy H. Nguyen and Junichi Yamagishi and Isao Echizen},
      year={2019},
      eprint={1907.09177},
      archivePrefix={arXiv},
      primaryClass={cs.CL}
}
@misc{zellers2020defending,
      title={Defending Against Neural Fake News}, 
      author={Rowan Zellers and Ari Holtzman and Hannah Rashkin and Yonatan Bisk and Ali Farhadi and Franziska Roesner and Yejin Choi},
      year={2020},
      eprint={1905.12616},
      archivePrefix={arXiv},
      primaryClass={cs.CL}
}
